@inproceedings{new_paper,
  author    = {Dirk Farin and
               Jungong Han and
               Peter H. N. de With},
  title     = {Fast camera calibration for the analysis of sport sequences},
  booktitle = {ICME},
  year      = {2005},
  pages     = {482-485},
  ee        = {http://doi.ieeecomputersociety.org/10.1109/ICME.2005.1521465},
  crossref  = {DBLP:conf/icmcs/2005},
  bibsource = {DBLP, http://dblp.uni-trier.de}
}
@proceedings{DBLP:conf/icmcs/2005,
  title     = {Proceedings of the 2005 IEEE International Conference on
               Multimedia and Expo, ICME 2005, July 6-9, 2005, Amsterdam,
               The Netherlands},
  publisher = {IEEE},
  year      = {2005},
  bibsource = {DBLP, http://dblp.uni-trier.de}
}

@article{tunesiha,
  author    = {Tahar battikh and
               Imed Jabri},
  title     = {Camera calibration using court models for real-time augmenting
               soccer scenes},
  journal   = {Multimedia Tools Appl.},
  volume    = {51},
  number    = {3},
  year      = {2011},
  pages     = {997-1011},
  ee        = {http://dx.doi.org/10.1007/s11042-009-0434-1},
  bibsource = {DBLP, http://dblp.uni-trier.de}
}

@article{thomas.2007,
  author    = {Graham A. Thomas},
  title     = {Real-time camera tracking using sports pitch markings},
  journal   = {J. Real-Time Image Processing},
  volume    = {2},
  number    = {2-3},
  year      = {2007},
  pages     = {117-132},
  ee        = {http://dx.doi.org/10.1007/s11554-007-0041-1},
  bibsource = {DBLP, http://dblp.uni-trier.de}
}

@article{LTS,
 author = {Mount, David M. and Netanyahu, Nathan S. and Romanik, Kathleen and Silverman, Ruth and Wu, Angela Y.},
 title = {A practical approximation algorithm for the LMS line estimator},
 journal = {Comput. Stat. Data Anal.},
 issue_date = {February, 2007},
 volume = {51},
 number = {5},
 month = feb,
 year = {2007},
 issn = {0167-9473},
 pages = {2461--2486},
 numpages = {26},
 url = {http://dx.doi.org/10.1016/j.csda.2006.08.033},
 doi = {10.1016/j.csda.2006.08.033},
 acmid = {1221708},
 publisher = {Elsevier Science Publishers B. V.},
 address = {Amsterdam, The Netherlands, The Netherlands},
 keywords = {Approximation algorithms, Least median-of-squares regression, Line arrangements, Line fitting, Randomized algorithms, Robust estimation},
} 