@inproceedings{new_paper,
  author    = {Dirk Farin and
               Jungong Han and
               Peter H. N. de With},
  title     = {Fast camera calibration for the analysis of sport sequences},
  booktitle = {ICME},
  year      = {2005},
  pages     = {482-485},
  ee        = {http://doi.ieeecomputersociety.org/10.1109/ICME.2005.1521465},
  crossref  = {DBLP:conf/icmcs/2005},
  bibsource = {DBLP, http://dblp.uni-trier.de}
}
@proceedings{DBLP:conf/icmcs/2005,
  title     = {Proceedings of the 2005 IEEE International Conference on
               Multimedia and Expo, ICME 2005, July 6-9, 2005, Amsterdam,
               The Netherlands},
  publisher = {IEEE},
  year      = {2005},
  bibsource = {DBLP, http://dblp.uni-trier.de}
}

@inproceedings{old_paper,
  author    = {Dirk Farin and
               Susanne Krabbe and
               Peter H. N. de With and
               Wolfgang Effelsberg},
  title     = {Robust camera calibration for sport videos using court models},
  booktitle = {Storage and Retrieval Methods and Applications for Multimedia},
  year      = {2004},
  pages     = {80-91},
  ee        = {http://dx.doi.org/10.1117/12.526813},
  crossref  = {DBLP:conf/spieSR/2004},
  bibsource = {DBLP, http://dblp.uni-trier.de}
}
@proceedings{DBLP:conf/spieSR/2004,
  editor    = {Minerva M. Yeung and
               Rainer Lienhart and
               Chung-Sheng Li},
  title     = {Storage and Retrieval Methods and Applications for Multimedia
               2004, 20 January 2004, San Jose, CA, USA},
  booktitle = {Storage and Retrieval Methods and Applications for Multimedia},
  publisher = {SPIE},
  series    = {SPIE Proceedings},
  volume    = {5307},
  year      = {2004},
  bibsource = {DBLP, http://dblp.uni-trier.de}
}