@inproceedings{new_paper,
  author    = {Dirk Farin and
               Jungong Han and
               Peter H. N. de With},
  title     = {Fast camera calibration for the analysis of sport sequences},
  booktitle = {ICME},
  year      = {2005},
  pages     = {482-485},
  ee        = {http://doi.ieeecomputersociety.org/10.1109/ICME.2005.1521465},
  crossref  = {DBLP:conf/icmcs/2005},
  bibsource = {DBLP, http://dblp.uni-trier.de}
}
@proceedings{DBLP:conf/icmcs/2005,
  title     = {Proceedings of the 2005 IEEE International Conference on
               Multimedia and Expo, ICME 2005, July 6-9, 2005, Amsterdam,
               The Netherlands},
  publisher = {IEEE},
  year      = {2005},
  bibsource = {DBLP, http://dblp.uni-trier.de}
}