@inproceedings{new_paper,
  author    = {Dirk Farin and
               Jungong Han and
               Peter H. N. de With},
  title     = {Fast camera calibration for the analysis of sport sequences},
  booktitle = {ICME},
  year      = {2005},
  pages     = {482-485},
  ee        = {http://doi.ieeecomputersociety.org/10.1109/ICME.2005.1521465},
  crossref  = {DBLP:conf/icmcs/2005},
  bibsource = {DBLP, http://dblp.uni-trier.de}
}
@proceedings{DBLP:conf/icmcs/2005,
  title     = {Proceedings of the 2005 IEEE International Conference on
               Multimedia and Expo, ICME 2005, July 6-9, 2005, Amsterdam,
               The Netherlands},
  publisher = {IEEE},
  year      = {2005},
  bibsource = {DBLP, http://dblp.uni-trier.de}
}

@article{tunesiha,
  author    = {Tahar battikh and
               Imed Jabri},
  title     = {Camera calibration using court models for real-time augmenting
               soccer scenes},
  journal   = {Multimedia Tools Appl.},
  volume    = {51},
  number    = {3},
  year      = {2011},
  pages     = {997-1011},
  ee        = {http://dx.doi.org/10.1007/s11042-009-0434-1},
  bibsource = {DBLP, http://dblp.uni-trier.de}
}

@article{thomas.2007,
  author    = {Graham A. Thomas},
  title     = {Real-time camera tracking using sports pitch markings},
  journal   = {J. Real-Time Image Processing},
  volume    = {2},
  number    = {2-3},
  year      = {2007},
  pages     = {117-132},
  ee        = {http://dx.doi.org/10.1007/s11554-007-0041-1},
  bibsource = {DBLP, http://dblp.uni-trier.de}
}